<record><leader>00000cas a2200000 i 4500</leader><controlfield tag="001">904334446</controlfield><controlfield tag="006">m     o  d        </controlfield><controlfield tag="007">cr |||||||||||</controlfield><controlfield tag="008">150304d18731877iludn neo     0   a0eng  </controlfield><datafield ind1=" " ind2=" " tag="010"><subfield code="a">  2015218563</subfield></datafield><datafield ind1=" " ind2=" " tag="040"><subfield code="a">DLC</subfield><subfield code="b">eng</subfield><subfield code="e">rda</subfield><subfield code="c">DLC</subfield><subfield code="d">DLC</subfield><subfield code="d">NVF</subfield><subfield code="d">DLC</subfield></datafield><datafield ind1="0" ind2=" " tag="022"><subfield code="a">2377-7036</subfield><subfield code="2">1</subfield></datafield><datafield ind1="1" ind2=" " tag="029"><subfield code="a">NZ1</subfield><subfield code="b">16034450</subfield></datafield><datafield ind1="1" ind2=" " tag="029"><subfield code="a">NZ1</subfield><subfield code="b">16178023</subfield></datafield><datafield ind1=" " ind2=" " tag="042"><subfield code="a">pcc</subfield><subfield code="a">nsdp</subfield></datafield><datafield ind1=" " ind2=" " tag="043"><subfield code="a">n-us-il</subfield></datafield><datafield ind1="1" ind2="0" tag="050"><subfield code="a">ISSN RECORD</subfield></datafield><datafield ind1="0" ind2="0" tag="082"><subfield code="a">071</subfield><subfield code="2">23</subfield></datafield><datafield ind1="0" ind2=" " tag="130"><subfield code="a">Daily Argus (Rock Island, Ill.)</subfield></datafield><datafield ind1=" " ind2="4" tag="222"><subfield code="a">The daily Argus</subfield><subfield code="b">(Rock Island, Ill. Online)</subfield></datafield><datafield ind1="1" ind2="4" tag="245"><subfield code="a">The daily Argus.</subfield></datafield><datafield ind1="1" ind2="3" tag="246"><subfield code="a">Rock Island daily Argus</subfield></datafield><datafield ind1=" " ind2="1" tag="264"><subfield code="a">Rock Island, Illinois :</subfield><subfield code="b">[publisher not identified],</subfield><subfield code="c">1873-1877.</subfield></datafield><datafield ind1=" " ind2=" " tag="300"><subfield code="a">1 online resource</subfield></datafield><datafield ind1=" " ind2=" " tag="310"><subfield code="a">Daily (except Sunday and holidays)</subfield></datafield><datafield ind1=" " ind2=" " tag="336"><subfield code="a">text</subfield><subfield code="b">txt</subfield><subfield code="2">rdacontent</subfield></datafield><datafield ind1=" " ind2=" " tag="337"><subfield code="a">computer</subfield><subfield code="b">c</subfield><subfield code="2">rdamedia</subfield></datafield><datafield ind1=" " ind2=" " tag="338"><subfield code="a">online resource</subfield><subfield code="b">cr</subfield><subfield code="2">rdacarrier</subfield></datafield><datafield ind1="1" ind2=" " tag="362"><subfield code="a">Began with twenty-third year (December 8, 1873); ceased with twenty-sixth year (March 3, 1877).</subfield></datafield><datafield ind1=" " ind2=" " tag="500"><subfield code="a">"Independent in Everything."</subfield></datafield><datafield ind1=" " ind2=" " tag="525"><subfield code="a">Has yearly, unpaged supplements containing presidential message, Dec. 7, 1874-Dec. 6, 1876.</subfield></datafield><datafield ind1=" " ind2=" " tag="530"><subfield code="a">Originally issued in print.</subfield></datafield><datafield ind1=" " ind2=" " tag="588"><subfield code="a">Description based on: Twenty-third year (December 8, 1873); title from masthead (Chroniclingamerica.loc.gov, viewed March 4, 2015).</subfield></datafield><datafield ind1=" " ind2=" " tag="588"><subfield code="a">Latest issue consulted: Twenty-sixth year (March 3, 1877) (Chroniclingamerica.loc.gov, viewed March 4, 2015).</subfield></datafield><datafield ind1=" " ind2="0" tag="651"><subfield code="a">Rock Island (Ill.)</subfield><subfield code="v">Newspapers.</subfield></datafield><datafield ind1=" " ind2="0" tag="651"><subfield code="a">Moline (Ill.)</subfield><subfield code="v">Newspapers.</subfield></datafield><datafield ind1=" " ind2="7" tag="651"><subfield code="a">Illinois</subfield><subfield code="z">Moline</subfield><subfield code="2">fast</subfield><subfield code="0">(OCoLC)fst01210118</subfield></datafield><datafield ind1=" " ind2="7" tag="651"><subfield code="a">Illinois</subfield><subfield code="z">Rock Island.</subfield><subfield code="2">fast</subfield><subfield code="0">(OCoLC)fst01206059</subfield></datafield><datafield ind1=" " ind2="7" tag="655"><subfield code="a">Newspapers.</subfield><subfield code="2">fast</subfield><subfield code="0">(OCoLC)fst01423814</subfield></datafield><datafield ind1=" " ind2=" " tag="752"><subfield code="a">United States</subfield><subfield code="b">Illinois</subfield><subfield code="c">Rock Island</subfield><subfield code="d">Rock Island.</subfield></datafield><datafield ind1="0" ind2=" " tag="775"><subfield code="t">Rock Island weekly Argus</subfield></datafield><datafield ind1="0" ind2="8" tag="776"><subfield code="i">Print version:</subfield><subfield code="t">Daily Argus (Rock Island, Ill.)</subfield><subfield code="x">2377-7028</subfield><subfield code="w">(DLC)sn 92053942</subfield><subfield code="w">(OCoLC)26846306</subfield></datafield><datafield ind1="0" ind2="0" tag="780"><subfield code="t">Rock Island daily Argus (Rock Island, Ill. : 1872)</subfield><subfield code="x">2377-701X</subfield><subfield code="w">(DLC)  2015218562</subfield><subfield code="w">(OCoLC)904334139</subfield></datafield><datafield ind1="0" ind2="0" tag="785"><subfield code="t">Rock Island Argus (Rock Island, Ill. : 1877)</subfield><subfield code="x">2377-6986</subfield><subfield code="w">(DLC)  2015218561</subfield><subfield code="w">(OCoLC)904332554</subfield></datafield><datafield ind1="4" ind2="0" tag="856"><subfield code="u">http://www.loc.gov/chroniclingamerica/lccn/sn92053942/issues</subfield></datafield></record>